<?xml version="1.0" encoding="UTF-8"?><collection xmlns="http://www.loc.gov/MARC21/slim"><record><leader>00406nam--2200133-i-4500</leader><controlfield tag="001">000037804</controlfield><controlfield tag="002">20161230</controlfield><controlfield tag="005">20161230201041</controlfield><controlfield tag="008">060222s1000------------r-----000-0-eng-d</controlfield><datafield ind1=" " ind2=" " tag="080"><subfield code="a">532.6</subfield></datafield><datafield ind1=" " ind2=" " tag="100"><subfield code="a">Ramponi, Francesco</subfield></datafield><datafield ind1=" " ind2=" " tag="245"><subfield code="a">Sulle forme di imbocco dei canali e delle opere di scarico superficiali</subfield></datafield><datafield ind1=" " ind2=" " tag="260"><subfield code="a">Trieste, Facolta Di Scienze E Di Ingegneria Dell`Univ.Di Trieste, 1950, 8p</subfield></datafield><datafield ind1=" " ind2=" " tag="852"><subfield code="a">3426</subfield></datafield></record></collection>